 @online{serverless,
author = {Miller, Ron},
title = {AWS Lambda Makes Serverless Applications A Reality},
date = {24},
url = {https://techcrunch.com/2015/11/24/aws-lamda-makes-serverless-applications-a-reality/},
organization = {TechCrunch},
month = {November},
year = {2015},
}